<?xml version="1.0" encoding="UTF-8"?><collection xmlns="http://www.loc.gov/MARC21/slim"><record><leader>00450nam--2200157-i-4500</leader><controlfield tag="001">000047126</controlfield><controlfield tag="002">20161230</controlfield><controlfield tag="005">20170128175033</controlfield><controlfield tag="008">060222s1000------------r-----000-0-eng-d</controlfield><datafield ind1=" " ind2=" " tag="100"><subfield code="a">Whitaker, John R</subfield></datafield><datafield ind1=" " ind2=" " tag="245"><subfield code="a">Paper chromatography and electrophoresis. Vol. 1. Electrophoresis in stabilizing media</subfield></datafield><datafield ind1=" " ind2=" " tag="260"><subfield code="a">New York</subfield><subfield code="b">Academic Press</subfield><subfield code="c">1971</subfield></datafield><datafield ind1=" " ind2=" " tag="300"><subfield code="a">XII + 420 p</subfield></datafield><datafield ind1=" " ind2=" " tag="700"><subfield code="a">Zweig, Gunter</subfield></datafield><datafield ind1=" " ind2=" " tag="852"><subfield code="a">41657</subfield></datafield><datafield ind1=" " ind2=" " tag="CAT"><subfield code="a">SYS</subfield><subfield code="c">20170128</subfield><subfield code="h">175033</subfield></datafield></record></collection>